@inproceedings{jin2013epidemiological,
  title={Epidemiological modeling of news and rumors on twitter},
  author={Jin, Fang and Dougherty, Edward and Saraf, Parang and Cao, Yang and Ramakrishnan, Naren},
  booktitle={Proceedings of the 7th Workshop on Social Network Mining and Analysis},
  pages={8},
  year={2013},
  organization={ACM}
}
@article{jin2014misinformation,
  title={Misinformation propagation in the age of twitter},
  author={Jin, Fang and Wang, Wei and Zhao, Liang and Dougherty, Edward and Cao, Yang and Lu, Chang-Tien and Ramakrishnan, Naren},
  journal={Computer},
  number={12},
  pages={90--94},
  year={2014},
  publisher={IEEE}
}
