@inproceedings{jin2014modeling,
  title={Modeling mass protest adoption in social network communities using geometric brownian motion},
  author={Jin, Fang and Khandpur, Rupinder Paul and Self, Nathan and Dougherty, Edward and Guo, Sheng and Chen, Feng and Prakash, B Aditya and Ramakrishnan, Naren},
  booktitle={Proceedings of the 20th ACM SIGKDD international conference on Knowledge discovery and data mining},
  pages={1660--1669},
  year={2014},
  organization={ACM}
}
@article{conover2013digital,
  title={The digital evolution of occupy wall street},
  author={Conover, Michael D and Ferrara, Emilio and Menczer, Filippo and Flammini, Alessandro},
  journal={PloS one},
  volume={8},
  number={5},
  pages={e64679},
  year={2013},
  publisher={Public Library of Science}
}
@inproceedings{matsubara2012rise,
  title={Rise and fall patterns of information diffusion: model and implications},
  author={Matsubara, Yasuko and Sakurai, Yasushi and Prakash, B Aditya and Li, Lei and Faloutsos, Christos},
  booktitle={Proc. KDD'12},
  ignore_booktitle={Proceedings of the 18th ACM SIGKDD international conference on Knowledge discovery and data mining},
  pages={6--14},
  year={2012},
  organization={ACM}
}
@book{oksendal2003stochastic,
  title={Stochastic differential equations},
  author={{\O}ksendal, Bernt},
  year={2003},
  publisher={Springer}
}
@article{newman2006modularity,
  title={Modularity and community structure in networks},
  author={Newman, Mark EJ},
  ignore_journal={Proceedings of the National Academy of Sciences},
  journal={PNAS},
  volume={103},
  number={23},
  pages={8577--8582},
  year={2006},
  publisher={National Acad Sciences}
}
@book{karatzas1991brownian,
  title={Brownian motion and stochastic calculus},
  author={KARATZAS, IOANNIS AUTOR and Shreve, Steven Eugene},
  volume={113},
  year={1991},
  publisher={Springer}
}
@book{wiersema2008brownian,
  title={Brownian motion calculus},
  author={Wiersema, Ubbo F},
  year={2008},
  publisher={Wiley. com}
}
@incollection{zhou2004network,
  title={Network brownian motion: A new method to measure vertex-vertex proximity and to identify communities and subcommunities},
  author={Zhou, Haijun and Lipowsky, Reinhard},
  ignore_booktitle={Computational Science-ICCS 2004},
  booktitle={Proc. ICCS'04},
  pages={1062--1069},
  year={2004},
  publisher={Springer}
}
@article{blondel2008fast,
  title={{Fast unfolding of communities in large networks}},
  author={Blondel, Vincent D and Guillaume, Jean-Loup and Lambiotte, Renaud and Lefebvre, Etienne},
  journal={Journal of Statistical Mechanics: Theory and Experiment},
  volume={2008},
  number={10},
  pages={P10008},
  year={2008},
  publisher={IOP Publishing}
}

@inproceedings{singer2012win,
  title={How to win friends and influence people, truthfully: influence maximization mechanisms for social networks},
  author={Singer, Yaron},
  ignore_booktitle={Proceedings of the fifth ACM international conference on Web search and data mining},
  booktitle={Proc. WSDM'12},
  pages={733--742},
  year={2012},
  organization={ACM}
}
@inproceedings{kempe2003maximizing,
  title={Maximizing the spread of influence through a social network},
  author={Kempe, David and Kleinberg, Jon and Tardos, {\'E}va},
  ignore_booktitle={Proceedings of the ninth ACM SIGKDD international conference on Knowledge discovery and data mining},
  booktitle={Proc. KDD' 03},
  pages={137--146},
  year={2003},
  organization={ACM}
}
@article{hill2010emotions,
  title={Emotions as infectious diseases in a large social network: the SISa model},
  author={Hill, Alison L and Rand, David G and Nowak, Martin A and Christakis, Nicholas A},
  ignore_journal={Proceedings of the Royal Society B: Biological Sciences},
  journal={Proc. Royal Society B: Biological Sciences},
  volume={277},
  number={1701},
  pages={3827--3835},
  year={2010},
  ignore_publisher={The Royal Society}
}
@article{oliver1998diffusion,
  title={Diffusion models of cycles of protest as a theory of social movements},
  author={Oliver, Pamela E and Myers, Daniel J},
  journal="Presented at the Congress of the International Sociological Association",
  year={1998},
  publisher = {Montreal}
}
@article{saad2013mass,
  title={Mass Protests under `Left Neoliberalism': Brazil, June-July 2013},
  author={Saad-Filho, Alfredo},
  journal={Critical Sociology},
  volume={39},
  number={5},
  pages={657--669},
  year={2013},
  publisher={SAGE Publications}
}
@article{tufekci2012social,
  title={Social media and the decision to participate in political protest: Observations from {Tahrir} Square},
  author={Tufekci, Zeynep and Wilson, Christopher},
  journal={Journal of Communication},
  volume={62},
  number={2},
  pages={363--379},
  year={2012},
  publisher={Wiley Online Library}
}
@article{bond201261,
  title={A 61-million-person experiment in social influence and political mobilization},
  author={Bond, Robert M and Fariss, Christopher J and Jones, Jason J and Kramer, Adam DI and Marlow, Cameron and Settle, Jaime E and Fowler, James H},
  journal={Nature},
  volume={489},
  number={7415},
  pages={295--298},
  year={2012},
  publisher={Nature Publishing Group}
}
@article{gonzalez2011dynamics,
  title={The dynamics of protest recruitment through an online network},
  author={Gonz{\'a}lez-Bail{\'o}n, Sandra and Borge-Holthoefer, Javier and Rivero, Alejandro and Moreno, Yamir},
  journal={Scientific reports},
  volume={1},
  year={2011},
  publisher={Nature Publishing Group}
}
@inproceedings{rodriguez2013modeling,
  title={Modeling information propagation with survival theory},
  author={Rodriguez, Manuel Gomez and Leskovec, Jure and Sch{\"o}lkopf, Bernhard},
  booktitle={Proc. ICML'13},
  pages={666--674},
  year={2013}
}
@article{castellini2007propagation,
  title={On the propagation of social epidemics in social networks under {SIR} model},
  author={Castellini, Horacio and Romanelli, Lilia},
  journal = {eprint arXiv:nlin/0703053},
  eprint = {nlin/0703053},
  year = 2007,
  month = mar
}
@article{zhou2003distance,
  title={Distance, dissimilarity index, and network community structure},
  author={Zhou, Haijun},
  journal={Physical Review E},
  volume={67},
  number={6},
  pages={061901},
  year={2003},
  publisher={APS}
}
@article{zhou2003network,
  title={Network landscape from a Brownian particle's perspective},
  author={{H. Zhou}},
  journal={Physical Review E},
  volume={67},
  number={4},
  pages={041908},
  year={2003},
  publisher={APS}
}
@book{tankov2004financial,
  title={Financial modelling with jump processes},
  author={Tankov, Peter},
  year={2004},
  publisher={CRC Press}
}
@inproceedings{myers2012information,
  title={Information diffusion and external influence in networks},
  author={Myers, Seth A and Zhu, Chenguang and Leskovec, Jure},
  booktitle={Proc. KDD'12},
  ignore_booktitle={Proceedings of the 18th ACM SIGKDD international conference on Knowledge discovery and data mining},
  pages={33--41},
  year={2012},
  ignore_organization={ACM}
}
@article{crane2008robust,
  title={Robust dynamic classes revealed by measuring the response function of a social system},
  author={Crane, Riley and Sornette, Didier},
  ignore_journal={Proceedings of the National Academy of Sciences},
  journal={PNAS},
  volume={105},
  number={41},
  pages={15649--15653},
  year={2008},
  publisher={National Acad Sciences}
}
@article{guille2013information,
  title={Information diffusion in online social networks: A survey},
  author={Guille, Adrien and Hacid, Hakim and Favre, C{\'e}cile and Zighed, Djamel A},
  journal={ACM SIGMOD Record},
  volume={42},
  number={1},
  pages={17--28},
  year={2013},
  publisher={ACM}
}
@inproceedings{iwata2013discovering,
  title={Discovering latent influence in online social activities via shared cascade poisson processes},
  author={Iwata, Tomoharu and Shah, Amar and Ghahramani, Zoubin},
  booktitle={Proc. KDD'13},
  ignore_booktitle={Proceedings of the 19th ACM SIGKDD international conference on Knowledge discovery and data mining},
  pages={266--274},
  year={2013},
  ignore_organization={ACM}
}
@article{newman2003structure,
  title={The structure and function of complex networks},
  author={Newman, Mark EJ},
  journal={SIAM review},
  volume={45},
  number={2},
  pages={167--256},
  year={2003},
  ignore_publisher={SIAM}
}
@book{scott2011sage,
  title={The SAGE handbook of social network analysis},
  author={Scott, John and Carrington, Peter J},
  year={2011},
  publisher={SAGE publications}
}
@book{haight1967handbook,
  title={Handbook of the Poisson distribution},
  author={Haight, Frank A and Haight, Frank A},
  year={1967},
  publisher={Wiley New York}
}
