@article{gleick2014water,
  title={Water, drought, climate change, and conflict in Syria},
  author={Gleick, Peter H},
  journal={Weather, Climate, and Society},
  volume={6},
  number={3},
  pages={331--340},
  year={2014}
}
@article{kelley2015climate,
  title={Climate change in the Fertile Crescent and implications of the recent Syrian drought},
  author={Kelley, Colin P and Mohtadi, Shahrzad and Cane, Mark A and Seager, Richard and Kushnir, Yochanan},
  journal={Proceedings of the National Academy of Sciences},
  volume={112},
  number={11},
  pages={3241--3246},
  year={2015},
  publisher={National Acad Sciences}
}
@article{hsiang2013quantifying,
  title={Quantifying the influence of climate on human conflict},
  author={Hsiang, Solomon M and Burke, Marshall and Miguel, Edward},
  journal={Science},
  volume={341},
  number={6151},
  pages={1235367},
  year={2013},
  publisher={American Association for the Advancement of Science}
}
@techreport{burke2014climate,
  title={Climate and conflict},
  author={Burke, Marshall and Hsiang, Solomon M and Miguel, Edward},
  year={2014},
  institution={National Bureau of Economic Research}
  }
  
  @article{devlin2014trends,
  title={Trends and triggers redux: Climate change, rainfall, and interstate conflict},
  author={Devlin, Colleen and Hendrix, Cullen S},
  journal={Political Geography},
  volume={43},
  pages={27--39},
  year={2014},
  publisher={Elsevier}
}
@article{wischnath2014climate,
  title={On climate variability and civil war in Asia},
  author={Wischnath, Gerdis and Buhaug, Halvard},
  journal={Climatic Change},
  volume={122},
  pages={709--721},
  year={2014},
  publisher={Springer}
}
@article{hsiang2011civil,
  title={Civil conflicts are associated with the global climate},
  author={Hsiang, Solomon M and Meng, Kyle C and Cane, Mark A},
  journal={Nature},
  volume={476},
  number={7361},
  pages={438--441},
  year={2011},
  publisher={Nature Publishing Group}
}

%%%%%%%%%%%%%%%%%%%%%%%%%%%%%%%%
%%%%%%%%%%%%%%%%%%%%%%%%%%%%%%%%
@article{RW1,
title = "Chinese drought, bread and the Arab Spring ",
journal = "Applied Geography ",
volume = "34",
number = "",
pages = "519 - 524",
year = "2012",
note = "",
issn = "0143-6228",
doi = "http://dx.doi.org/10.1016/j.apgeog.2012.02.004",
url = "http://www.sciencedirect.com/science/article/pii/S0143622812000161",
author = "Troy Sternberg"
}

@article{RW2,
author = { Sarah   Johnstone  and  Jeffrey   Mazo },
title = {Global Warming and the Arab Spring},
journal = {Survival},
volume = {53},
number = {2},
pages = {11-17},
year = {2011},
doi = {10.1080/00396338.2011.571006},
URL = { 
        http://dx.doi.org/10.1080/00396338.2011.571006
},
eprint = { 
        http://dx.doi.org/10.1080/00396338.2011.571006 
}
}

@article{RW3,
title = "Mapping the vulnerability of crop production to drought in Ghana using rainfall, yield and socioeconomic data ",
journal = "Applied Geography ",
volume = "32",
number = "2",
pages = "324 - 334",
year = "2012",
note = "",
issn = "0143-6228",
doi = "http://dx.doi.org/10.1016/j.apgeog.2011.06.010",
url = "http://www.sciencedirect.com/science/article/pii/S0143622811001263",
author = "Philip Antwi-Agyei and Evan D.G. Fraser and Andrew J. Dougill and Lindsay C. Stringer and Elisabeth Simelton",
}

@article {RW4,
author = {BUSH, RAY},
title = {Food Riots: Poverty, Power and Protest1},
journal = {Journal of Agrarian Change},
volume = {10},
number = {1},
publisher = {Blackwell Publishing Ltd},
issn = {1471-0366},
url = {http://dx.doi.org/10.1111/j.1471-0366.2009.00253.x},
doi = {10.1111/j.1471-0366.2009.00253.x},
pages = {119--129},
keywords = {riots, protest, resistance, food, politics},
year = {2010},
}

@article {RW5,
	author = {Scheffran, J{\"u}rgen and Brzoska, Michael and Kominek, Jasmin and Link, P. Michael and Schilling, Janpeter},
	title = {Climate Change and Violent Conflict},
	volume = {336},
	number = {6083},
	pages = {869--871},
	year = {2012},
	doi = {10.1126/science.1221339},
	publisher = {American Association for the Advancement of Science},
	abstract = {Current debates over the relation between climate change and conflict originate in a lack of data, as well as the complexity of pathways connecting the two phenomena.},
	issn = {0036-8075},
	URL = {http://science.sciencemag.org/content/336/6083/869},
	eprint = {http://science.sciencemag.org/content/336/6083/869.full.pdf},
	journal = {Science}
}


@MISC{RW6,
    author = {Cullen Hendrix and Stephan Haggard and Beatriz Magaloni},
    title = {1 Grievance and Opportunity: Food Prices, Political Regime, and Protest},
    year = {2009}
}

@article{RW7,
author="McEvoy, Darryn
and Matczak, Piotr
and Banaszak, Ilona
and Chorynski, Adam",
title="Framing adaptation to climate-related extreme events",
journal="Mitigation and Adaptation Strategies for Global Change",
year="2010",
volume="15",
number="7",
pages="779--795",
issn="1573-1596",
doi="10.1007/s11027-010-9233-2",
url="http://dx.doi.org/10.1007/s11027-010-9233-2"
}

@article{RW8,
author = { Alexandra   Segerberg  and  W.   Lance   Bennett },
title = {Social Media and the Organization of Collective Action: Using Twitter to Explore the Ecologies of Two Climate Change Protests},
journal = {The Communication Review},
volume = {14},
number = {3},
pages = {197-215},
year = {2011},
doi = {10.1080/10714421.2011.597250},

URL = { 
        http://dx.doi.org/10.1080/10714421.2011.597250
    
},
eprint = { 
        http://dx.doi.org/10.1080/10714421.2011.597250
    
}
}

@book{RW9,
author="IPCC",
title="Climate Change 2007: Climate Change Impacts, Adaptation and Vulnerability",
year="2007",
publisher="Cambridge University Press",
location = "Cambridge"
}

@misc{RW10,
author = "Heather Sarsons",
title = "Rainfall and Conflict",
year = "2011"
}

@article{blondel2008fast,
  title={Fast unfolding of communities in large networks},
  author={Blondel, Vincent D and Guillaume, Jean-Loup and Lambiotte, Renaud and Lefebvre, Etienne},
  journal={Journal of statistical mechanics: theory and experiment},
  volume={2008},
  number={10},
  pages={P10008},
  year={2008},
  publisher={IOP Publishing}
}
@article{akil2014effects,
title={Effects of climate change on salmonella infections},
author={Akil, Luma and Ahmad, H Anwar and Reddy, Remata S},
journal={Foodborne pathogens and disease},
volume={11},
number={12},
pages={974--980},
year={2014},
publisher={Mary Ann Liebert, Inc. 140 Huguenot Street, 3rd Floor New Rochelle, NY 10801 USA}
}

@article{mitigation2011ipcc,
  title={IPCC special report on renewable energy sources and climate change mitigation},
  author={Mitigation, Climate Change},
  year={2011},
  publisher={Technical Report}
}
@article{warner2009search,
  title={In search of shelter: Mapping the effects of climate change on human migration and displacement.},
  author={Warner, Koko and Ehrhart, Charles and Sherbinin, A de and Adamo, Susana and Chai-Onn, Tricia and others},
  journal={In search of shelter: mapping the effects of climate change on human migration and displacement},
  year={2009},
  publisher={Climate Change CARE International}
}
@article{le2001political,
  title={The political ecology of war: natural resources and armed conflicts},
  author={Le Billon, Philippe},
  journal={Political geography},
  volume={20},
  number={5},
  pages={561--584},
  year={2001},
  publisher={Elsevier}
}

  