@inproceedings{Hu:2012,
  title={Breaking news on twitter},
  author={Hu, Mengdie and Liu, Shixia and Wei, Furu and Wu, Yingcai and Stasko, John and Ma, Kwan-Liu},
  ignore_booktitle={Proceedings of the 2012 ACM annual conference on Human Factors in Computing Systems},
  booktitle={Proc. CHI'12},
  pages={2751--2754},
  year={2012},
  organization={ACM}
}

@inproceedings{Mendoza:2010,
  title={Twitter Under Crisis: Can we trust what we RT?},
  author={Mendoza, Marcelo and Poblete, Barbara and Castillo, Carlos},
  ignore_booktitle={Proceedings of the first workshop on social media analytics},
  booktitle={Proc. SOMA '10},
  pages={71--79},
  year={2010},
  organization={ACM}
}
@inproceedings{Starbird:2012,
  title={(How) will the revolution be retweeted?: information diffusion and the 2011 Egyptian uprising},
  author={Starbird, Kate and Palen, Leysia},
  ignore_booktitle={Proceedings of the acm 2012 conference on computer supported cooperative work},
  booktitle={Proc. ACM'12},
  pages={7--16},
  year={2012},
  organization={ACM}
}
@inproceedings{Tanaka:2012,
  title={Transmission of Rumor and Criticism in Twitter after the Great Japan Earthquake},
  author={Tanaka, Yuko and Sakamoto, Yasuaki and Matsuka, Toshihiko},
  booktitle={Annual Meeting of the Cognitive Science Society},
  pages={2387},
  year={2012}
}
@inproceedings{Castillo:2011,
  title={Information credibility on twitter},
  author={Castillo, Carlos and Mendoza, Marcelo and Poblete, Barbara},
  ignore_booktitle={Proceedings of the 20th international conference on World wide web},
  booktitle={Proc. WWW'11},
  pages={675--684},
  year={2011},
  organization={ACM}
}
@article{Pang:2008,
  title={Opinion mining and sentiment analysis},
  author={Pang, Bo and Lee, Lillian},
  journal={Foundations and trends in information retrieval},
  volume={2},
  number={1-2},
  pages={1--135},
  year={2008},
  publisher={Now Publishers Inc.}
}
@inproceedings{Mukherjee:2012,
  title={TwiSent: a multistage system for analyzing sentiment in twitter},
  author={Mukherjee, Subhabrata and Malu, Akshat and AR, Balamurali and Bhattacharyya, Pushpak},
  ignore_booktitle={Proceedings of the 21st ACM international conference on Information and knowledge management},
  booktitle={Proc. CIKM'12},
  pages={2531--2534},
  year={2012},
  organization={ACM}
}
@inproceedings{Wang:2012,
  title={A system for real-time Twitter sentiment analysis of 2012 US presidential election cycle},
  author={Wang, Hao and Can, Dogan and Kazemzadeh, Abe and Bar, Fran{\c{c}}ois and Narayanan, Shrikanth},
  ignore_booktitle={Proceedings of the ACL 2012 System Demonstrations},
  booktitle={Proc. ACL'12},
  pages={115--120},
  year={2012},
  ignore_organization={Association for Computational Linguistics},
  organization={ACL}
}
@inproceedings{mohammad:2012:NAACL-HLT,
  title={Portable features for classifying emotional text},
  author={Mohammad, Saif},
  ignore_booktitle={Proceedings of the 2012 Conference of the North American Chapter of the Association for Computational Linguistics: Human Language Technologies},
  booktitle={Proc. NAACL HLT'12},
  pages={587--591},
  year={2012},
  ignore_organization={Association for Computational Linguistics},
  organization={ACL}
}
@article{powerofgoodidea:2006,
  title={The power of a good idea: Quantitative modeling of the spread of ideas from epidemiological models},
  author={Bettencourt, Lu{\'\i}s and Cintr{\'o}n-Arias, Ariel and Kaiser, David I and Castillo-Ch{\'a}vez, Carlos},
  ignore_journal={Physica A: Statistical Mechanics and its Applications},
  journal={PHYSICA A},
  volume={364},
  pages={513--536},
  year={2006},
  publisher={Elsevier}
}
@article{Go_Bhayani_Huang_2009,
  title={Twitter sentiment classification using distant supervision},
  author={Go, Alec and Bhayani, Richa and Huang, Lei},
  journal={CS224N Project Report, Stanford},
  pages={1--6},
  year={2009}
}
@inproceedings{Gruhl04informationdiffusion,
  title={Information diffusion through blogspace},
  author={Gruhl, Daniel and Guha, Ramanathan and Liben-Nowell, David and Tomkins, Andrew},
  ignore_booktitle={Proceedings of the 13th international conference on World Wide Web},
  booktitle={Proc. WWW'04},
  pages={491--501},
  year={2004},
  organization={ACM}
}
@inproceedings{GomezRodriguez:2010:IND:1835804.1835933,
  title={Inferring networks of diffusion and influence},
  author={Gomez-Rodriguez, Manuel and Leskovec, Jure and Krause, Andreas},
  ignore_booktitle={Proceedings of the 16th ACM SIGKDD international conference on Knowledge discovery and data mining},
  booktitle={Proc. SIGKDD'10},
  pages={1019--1028},
  year={2010},
  organization={ACM}
}
@article{Yang_predictingthe,
  title={Predicting the speed, scale, and range of information diffusion in twitter},
  author={Yang, Jiang and Counts, Scott},
  ignore_journal={Proceeding of the 4th International AAAI Conference on Weblogs and Social Media},
  journal={Proc. AAAI'10},
  year={2010}
}
@article{PhysRevE.81.056102,
  title={Model for rumor spreading over networks},
  author={Trpevski, Daniel and Tang, Wallace KS and Kocarev, Ljupco},
  journal={Physical Review E},
  volume={81},
  number={5},
  pages={056102},
  year={2010},
  publisher={American Physical Society}
}
@article{PhysRevE.66.016128,
  title={Spread of epidemic disease on networks},
  author={Newman, Mark EJ},
  journal={Physical review E},
  volume={66},
  number={1},
  pages={016128},
  year={2002},
  publisher={American Physical Society}
}
@article{Zhou2007458,
  title={Influence of network structure on rumor propagation},
  author={Zhou, Jie and Liu, Zonghua and Li, Baowen},
  journal={Physics Letters A},
  volume={368},
  number={6},
  pages={458--463},
  year={2007},
  publisher={Elsevier}
}
@book{Rogers-diffusion1962,
  title={Diffusion of innovations},
  author={Rogers, Everett M},
  year={2010},
  publisher={Free press}
}
@inproceedings{Kwak:2010:TSN:1772690.1772751,
  title={What is Twitter, a social network or a news media?},
  author={Kwak, Haewoon and Lee, Changhyun and Park, Hosung and Moon, Sue},
  ignore_booktitle={Proceedings of the 19th international conference on World wide web},
  booktitle={Proc. WWW'10},
  pages={591--600},
  year={2010},
  organization={ACM}
}
@inproceedings{Romero:2011:DMI:1963405.1963503,
  title={Differences in the mechanics of information diffusion across topics: idioms, political hashtags, and complex contagion on twitter},
  author={Romero, Daniel M and Meeder, Brendan and Kleinberg, Jon},
  ignore_booktitle={Proceedings of the 20th international conference on World wide web},
  booktitle={Proc. WWW'11},
  pages={695--704},
  year={2011},
  organization={ACM}
}
@inproceedings{Cha10measuringuser,
  title={Measuring user influence in twitter: The million follower fallacy},
  author={Cha, Meeyoung and Haddadi, Hamed and Benevenuto, Fabricio and Gummadi, Krishna P},
  ignore_booktitle={4th international aaai conference on weblogs and social media (icwsm)},
  booktitle={ICWSM'10},
  volume={14},
  pages={8},
  year={2010}
}

@inproceedings{Kermack1927Royal,
  title={A Contribution to the Mathematical Theory of Epidemics},
  author={Kermack, W and McKendrick, A},
  ignore_booktitle={Proceedings of the Royal Soceity of London},
  booktitle={Proc. R. Soc. London, Ser. A},
  Year={1927}
}
@article{Daley-nature-1964,
  title={Epidemics and rumours},
  author={Daley, Daryl J and Kendall, David G},
  year={1964},
  volume = "204",
  number = "4963",
  pages = "1118--1118",
  journal = {Nature},
  publisher={Nature Publishing Group}
}
@article{Isham-physica-2009,
  title={Stochastic epidemics and rumours on finite random networks},
  author={Isham, Valerie and Harden, Simon and Nekovee, Maziar},
  ignore_journal={Physica A: Statistical Mechanics and its Applications},
  journal={PHYSICA A},
  volume={389},
  number={3},
  pages={561--576},
  year={2010},
  publisher={Elsevier}
}
@article{RePEc:eee:phsmap:v:392:y:2013:i:4:p:987-994,
  title={SIR rumor spreading model in the new media age},
  author={Zhao, Laijun and Cui, Hongxin and Qiu, Xiaoyan and Wang, Xiaoli and Wang, Jiajia},
  ignore_journal={Physica A: Statistical Mechanics and its Applications},
  journal={PHYSICA A},
  volume = {392},
  number = {4},
  pages = {995--1003},
  year={2012},
  publisher={Elsevier}
}
@inproceedings{Kimura:2009:EEI:1661445.1661772,
  title={Efficient estimation of influence functions for SIS model on social networks},
  author={Kimura, Masahiro and Saito, Kazumi and Motoda, Hiroshi},
  ignore_booktitle={Proceedings of the 21st international jont conference on Artifical intelligence},
  booktitle={Proc. IJCAI'09},
  pages={2046--2051},
  year={2009},
  organization={Morgan Kaufmann Publishers Inc.}
}
@article{Alison2010-Society,
  title={Emotions as infectious diseases in a large social network: the SISa model},
  author={Hill, Alison L and Rand, David G and Nowak, Martin A and Christakis, Nicholas A},
  ignore_journal={Proceedings of the Royal Society B: Biological Sciences},
  journal={Proc. R. Soc. London, Ser. B},
  volume={277},
  number={1701},
  pages={3827--3835},
  year={2010},
  publisher={The Royal Society}
}
@article{Wang-Ya-Qi2013,
  title={Rumor Spreading Model with Trust Mechanism in Complex Social Networks},
  author={Ya-Qi, Wang and Xiao-Yuan, Yang and Yi-Liang, Han and Xu-An, Wang},
  ignore_journal={Communications in Theoretical Physics},
  journal={COMMUN THEOR PHYS},
  volume={59},
  number={4},
  pages={510},
  year={2013},
  publisher={IOP Publishing}
}
@article{Xiong20122103,
  title={An information diffusion model based on retweeting mechanism for online social media},
  author={Xiong, Fei and Liu, Yun and Zhang, Zhen-jiang and Zhu, Jiang and Zhang, Ying},
  journal={Physics Letters A},
  year={2012},
  volume = "376",
  number = "30-31",
  pages = "2103--2108",
  publisher={Elsevier}
}
@article{zhao2012rumor,
  title={Rumor spreading model considering forgetting and remembering mechanisms in inhomogeneous networks},
  author={Zhao, Laijun and Qiu, Xiaoyan and Wang, Xiaoli and Wang, Jiajia},
  ignore_journal={Physica A: Statistical Mechanics and its Applications},
  journal={PHYSICA A},
  year={2012},
  volume = {392},
  number = {4},
  pages = {987--994},
  publisher={Elsevier}
}
@article{WuFang2004b,
  title={Information flow in social groups},
  author={Wu, Fang and Huberman, Bernardo A and Adamic, Lada A and Tyler, Joshua R},
  ignore_journal={Physica A: Statistical Mechanics and its Applications},
  journal={PHYSICA A},
  volume={337},
  number={1},
  pages={327--335},
  year={2004},
  publisher={Elsevier}
}
@inproceedings{budak2011limiting,
  title={Limiting the spread of misinformation in social networks},
  author={Budak, Ceren and Agrawal, Divyakant and El Abbadi, Amr},
  inogre_booktitle={Proceedings of the 20th international conference on World wide web},
  booktitle={Proc. WWW'11},
  pages={665--674},
  year={2011},
  organization={ACM}
}
@inproceedings{castillo2011information,
  title={Information credibility on twitter},
  author={Castillo, Carlos and Mendoza, Marcelo and Poblete, Barbara},
  inogre_booktitle={Proceedings of the 20th international conference on World wide web},
  booktitle={Proc. WWW'11},
  pages={675--684},
  year={2011},
  organization={ACM}
}
@incollection{kostka2008word,
  title={Word of mouth: Rumor dissemination in social networks},
  author={Kostka, Jan and Oswald, Yvonne Anne and Wattenhofer, Roger},
  booktitle={Structural Information and Communication Complexity},
  pages={185--196},
  year={2008},
  publisher={Springer}
}
@article{nekovee2007theory,
  title={Theory of rumour spreading in complex social networks},
  author={Nekovee, Maziar and Moreno, Y and Bianconi, G and Marsili, M},
  ignore_journal={Physica A: Statistical Mechanics and its Applications},
  journal={PHYSICA A},
  volume={374},
  number={1},
  pages={457--470},
  year={2007},
  publisher={Elsevier}
}
@article{shah2011rumors,
  title={Rumors in a Network: Who's the Culprit?},
  author={Shah, Devavrat and Zaman, Tauhid},
  journal={Information Theory, IEEE Transactions on},
  volume={57},
  number={8},
  pages={5163--5181},
  year={2011},
  publisher={IEEE}
}
@article{zanette2002dynamics,
  title={Dynamics of rumor propagation on small-world networks},
  author={Zanette, Damian H},
  journal={Physical Review E},
  volume={65},
  number={4},
  pages={041908},
  year={2002},
  publisher={APS}
}
@inproceedings{qazvinian2011rumor,
  title={Rumor has it: Identifying misinformation in microblogs},
  author={Qazvinian, Vahed and Rosengren, Emily and Radev, Dragomir R and Mei, Qiaozhu},
  ignore_booktitle={Proceedings of the Conference on Empirical Methods in Natural Language Processing},
  booktitle={Proc. EMNLP'11},
  pages={1589--1599},
  year={2011},
  organization={Association for Computational Linguistics}
}
@book{murray2002mathematical,
  title={Mathematical biology},
  author={Murray, James Dickson},
  volume={2},
  year={2002},
  publisher={springer}
}
